@book{prothero2007evolution,  title={Evolution: what the fossils say and why it matters},  author={Prothero, D.R. and Buell, C.D.},  isbn={9780231139625},  lccn={2007028804},  url={http://books.google.ie/books?id=QeKWpRX77JgC},  year={2007},  publisher={Columbia University Press}}@book{sagan1997demon,  title={The Demon-Haunted World: Science as a Candle in the Dark},  author={Sagan, C.},  isbn={9780345409461},  lccn={95034076},  url={http://books.google.ie/books?id=q\_Fp3tjPnkwC},  year={1997},  publisher={Ballantine Books}}@ARTICLE{harper_2006,   author = {{Harper}, G.~M. and {Brown}, A.},    title = "{Electron Density and Turbulence Gradients within the Extended Atmosphere of the M Supergiant Betelgeuse ({$\alpha$} Orionis)}",  journal = {\apj}, keywords = {Stars: Atmospheres, stars: individual ({$\alpha$} Ori), stars: individual (BD +75 325), Stars: Individual: Name: Betelgeuse, Ultraviolet: Stars},     year = 2006,    month = aug,   volume = 646,    pages = {1179-1202},      doi = {10.1086/505073},   adsurl = {http://adsabs.harvard.edu/abs/2006ApJ...646.1179H},  adsnote = {Provided by the SAO/NASA Astrophysics Data System}}@ARTICLE{seaquist_taylor_1990,   author = {{Seaquist}, E.~R. and {Taylor}, A.~R.},    title = "{The collective radio properties of symbiotic stars}",  journal = {\apj},     year = 1990,    month = jan,   volume = 349,    pages = {313-327},      doi = {10.1086/168315},   adsurl = {http://adsabs.harvard.edu/abs/1990ApJ...349..313S},  adsnote = {Provided by the SAO/NASA Astrophysics Data System}}@ARTICLE{di_benedetto_1993,   author = {{di Benedetto}, G.~P.},    title = "{Empirical effective temperatures and angular diameters of stars cooler than the sun}",  journal = {\aap}, keywords = {ANGULAR DISTRIBUTION, COOL STARS, STELLAR ATMOSPHERES, STELLAR TEMPERATURE, DIAMETERS, LATE STARS, SEMIEMPIRICAL EQUATIONS},     year = 1993,    month = mar,   volume = 270,    pages = {315-334},   adsurl = {http://adsabs.harvard.edu/abs/1993A%26A...270..315D},  adsnote = {Provided by the SAO/NASA Astrophysics Data System}}@ARTICLE{kallinger_2010,   author = {{Kallinger}, T. and {Weiss}, W.~W. and {Barban}, C. and {Baudin}, F. and 	{Cameron}, C. and {Carrier}, F. and {De Ridder}, J. and {Goupil}, M.-J. and 	{Gruberbauer}, M. and {Hatzes}, A. and {Hekker}, S. and {Samadi}, R. and 	{Deleuil}, M.},    title = "{Oscillating red giants in the CoRoT exofield: asteroseismic mass and radius determination}",  journal = {\aap}, keywords = {stars: oscillations, stars: fundamental parameters, techniques: photometric},     year = 2010,    month = jan,   volume = 509,      eid = {A77},    pages = {A77},      doi = {10.1051/0004-6361/200811437},   adsurl = {http://adsabs.harvard.edu/abs/2010A%26A...509A..77K},  adsnote = {Provided by the SAO/NASA Astrophysics Data System}}@ARTICLE{lebzelter_2012,   author = {{Lebzelter}, T. and {Heiter}, U. and {Abia}, C. and {Eriksson}, K. and 	{Ireland}, M. and {Neilson}, H. and {Nowotny}, W. and {Maldonado}, J. and 	{Merle}, T. and {Peterson}, R. and {Plez}, B. and {Short}, C.~I. and 	{Wahlgren}, G.~M. and {Worley}, C. and {Aringer}, B. and {Bladh}, S. and 	{de Laverny}, P. and {Goswami}, A. and {Mora}, A. and {Norris}, R.~P. and 	{Recio-Blanco}, A. and {Scholz}, M. and {Th{\'e}venin}, F. and 	{Tsuji}, T. and {Kordopatis}, G. and {Montesinos}, B. and {Wing}, R.~F.	},    title = "{Comparative modelling of the spectra of cool giants{\star}{\star}{\star}}",  journal = {\aap},archivePrefix = "arXiv",   eprint = {1209.2656}, primaryClass = "astro-ph.SR", keywords = {stars: atmospheres, stars: late-type, stars: abundances, stars: fundamental parameters},     year = 2012,    month = nov,   volume = 547,      eid = {A108},    pages = {A108},      doi = {10.1051/0004-6361/201219142},   adsurl = {http://adsabs.harvard.edu/abs/2012A%26A...547A.108L},  adsnote = {Provided by the SAO/NASA Astrophysics Data System}}@ARTICLE{van_leeuwen_2007,   author = {{van Leeuwen}, F.},    title = "{Validation of the new Hipparcos reduction}",  journal = {\aap},archivePrefix = "arXiv",   eprint = {0708.1752}, keywords = {space vehicles: instruments, methods: data analysis, catalogs, astrometry, instrumentation: miscellaneous},     year = 2007,    month = nov,   volume = 474,    pages = {653-664},      doi = {10.1051/0004-6361:20078357},   adsurl = {http://cdsads.u-strasbg.fr/abs/2007A%26A...474..653V},  adsnote = {Provided by the SAO/NASA Astrophysics Data System}}@INPROCEEDINGS{drake_1985,   author = {{Drake}, S.~A.},    title = "{Modeling lines formed in the expanding chromospheres of red giants}", keywords = {CHROMOSPHERE, LINE SPECTRA, RED GIANT STARS, STELLAR PHYSICS, STELLAR SPECTRA, COOL STARS, MAGNESIUM, RADIATIVE TRANSFER, STELLAR WINDS},booktitle = {Progress in stellar spectral line formation theory; Proceedings of the Advanced Research Workshop, Trieste, Italy, September 4-7, 1984 (A86-37976 17-90). Dordrecht, D. Reidel Publishing Co., 1985, p. 351-357.},     year = 1985,   editor = {{Beckman}, J.~E. and {Crivellari}, L.},    pages = {351-357},   adsurl = {http://adsabs.harvard.edu/abs/1985pssl.proc..351D},  adsnote = {Provided by the SAO/NASA Astrophysics Data System}}@ARTICLE{robinson_1998,   author = {{Robinson}, R.~D. and {Carpenter}, K.~G. and {Brown}, A.},    title = "{Goddard High-Resolution Spectrograph Observations of Cool Low-Gravity Stars. IV. A Comparison of the K5 III Stars alpha Tauri and gamma Draconis}",  journal = {\apj}, keywords = {STARS: CHROMOSPHERES, STARS: INDIVIDUAL CONSTELLATION NAME: ALPHA TAURI, STARS: INDIVIDUAL CONSTELLATION NAME: GAMMA DRACONIS, STARS: LATE-TYPE, STARS: MASS LOSS, ULTRAVIOLET: STARS},     year = 1998,    month = aug,   volume = 503,    pages = {396},      doi = {10.1086/305971},   adsurl = {http://adsabs.harvard.edu/abs/1998ApJ...503..396R},  adsnote = {Provided by the SAO/NASA Astrophysics Data System}}@ARTICLE{massarotti_2008,   author = {{Massarotti}, A. and {Latham}, D.~W. and {Stefanik}, R.~P. and 	{Fogel}, J.},    title = "{Rotational and Radial Velocities for a Sample of 761 HIPPARCOS Giants and the Role of Binarity}",  journal = {\aj}, keywords = {stars: AGB and post-AGB, stars: evolution, stars: rotation, binaries: spectroscopic, planetary systems, techniques: spectroscopic},     year = 2008,    month = jan,   volume = 135,    pages = {209-231},      doi = {10.1088/0004-6256/135/1/209},   adsurl = {http://cdsads.u-strasbg.fr/abs/2008AJ....135..209M},  adsnote = {Provided by the SAO/NASA Astrophysics Data System}}@ARTICLE{gray_2006,   author = {{Gray}, R.~O. and {Corbally}, C.~J. and {Garrison}, R.~F. and 	{McFadden}, M.~T. and {Bubar}, E.~J. and {McGahee}, C.~E. and 	{O'Donoghue}, A.~A. and {Knox}, E.~R.},    title = "{Contributions to the Nearby Stars (NStars) Project: Spectroscopy of Stars Earlier than M0 within 40 pc-The Southern Sample}",  journal = {\aj},   eprint = {arXiv:astro-ph/0603770}, keywords = {Galaxy: Solar Neighborhood, Stars: Abundances, Stars: Activity, Stars: Fundamental Parameters, Stars: Late-Type, Stars: Statistics},     year = 2006,    month = jul,   volume = 132,    pages = {161-170},      doi = {10.1086/504637},   adsurl = {http://cdsads.u-strasbg.fr/abs/2006AJ....132..161G},  adsnote = {Provided by the SAO/NASA Astrophysics Data System}}@BOOK{kraus_1986,   author = {{Kraus}, J.~D. and {Tiuri}, M. and {Raisanen}, A.~V. and {Carr}, T.~D.	},    title = "{Radio astronomy receivers}",booktitle = {Powell, Ohio: Cygnus-Quasar Books, 1986},     year = 1986,   adsurl = {http://adsabs.harvard.edu/abs/1986raas.book.....K},  adsnote = {Provided by the SAO/NASA Astrophysics Data System}}@ARTICLE{decin_2003,   author = {{Decin}, L. and {Vandenbussche}, B. and {Waelkens}, C. and {Decin}, G. and 	{Eriksson}, K. and {Gustafsson}, B. and {Plez}, B. and {Sauval}, A.~J.	},    title = "{ISO-SWS calibration and the accurate modelling of cool-star atmospheres.  IV. G9 to M2 stars}",  journal = {\aap},   eprint = {arXiv:astro-ph/0207653}, keywords = {infrared: stars, stars: atmospheres, stars: late-type, stars: fundamental parameters},     year = 2003,    month = mar,   volume = 400,    pages = {709-727},      doi = {10.1051/0004-6361:20021786},   adsurl = {http://adsabs.harvard.edu/abs/2003A%26A...400..709D},  adsnote = {Provided by the SAO/NASA Astrophysics Data System}}@PROCEEDINGS{taylor_1999,    title = "{Synthesis Imaging in Radio Astronomy II}",booktitle = {Synthesis Imaging in Radio Astronomy II},     year = 1999,   series = {Astronomical Society of the Pacific Conference Series},   volume = 180,   editor = {{Taylor}, G.~B. and {Carilli}, C.~L. and {Perley}, R.~A.},   adsurl = {http://adsabs.harvard.edu/abs/1999ASPC..180.....T},  adsnote = {Provided by the SAO/NASA Astrophysics Data System}}@INPROCEEDINGS{jackson_2008,   author = {{Jackson}, N.},    title = "{Principles of Interferometry}",booktitle = {Jets from Young Stars II},     year = 2008,   series = {Lecture Notes in Physics, Berlin Springer Verlag},   volume = 742,   editor = {{Bacciotti}, F. and {Testi}, L. and {Whelan}, E.},    pages = {193},   adsurl = {http://adsabs.harvard.edu/abs/2008LNP...742..193J},  adsnote = {Provided by the SAO/NASA Astrophysics Data System}}@ARTICLE{michelson_1890,   author = {{Michelson}, A.~A.},    title = "{}",  journal = {Phil. Mag.},     year = 1890,    month = jun,   series = {Ser. 5},   volume = 30,    pages = {1-21},      doi = {},   adsurl = {},  adsnote = {Provided by the SAO/NASA Astrophysics Data System}}@ARTICLE{hogbom_1974,   author = {{H{\"o}gbom}, J.~A.},    title = "{Aperture Synthesis with a Non-Regular Distribution of Interferometer Baselines}",  journal = {\aaps},     year = 1974,    month = jun,   volume = 15,    pages = {417},   adsurl = {http://adsabs.harvard.edu/abs/1974A%26AS...15..417H},  adsnote = {Provided by the SAO/NASA Astrophysics Data System}}@ARTICLE{wright_1970,   author = {{Wright}, K.~O.},    title = "{The Zeta Aurigae stars}",  journal = {Vistas in Astronomy},     year = 1970,   volume = 12,    pages = {147-182},      doi = {10.1016/0083-6656(70)90038-3},   adsurl = {http://adsabs.harvard.edu/abs/1970VA.....12..147W},  adsnote = {Provided by the SAO/NASA Astrophysics Data System}}@ARTICLE{baade_1996,   author = {{Baade}, R. and {Kirsch}, T. and {Reimers}, D. and {Toussaint}, F. and 	{Bennett}, P.~D. and {Brown}, A. and {Harper}, G.~M.},    title = "{The Wind Outflow of zeta Aurigae: A Model Revision Using Hubble Space Telescope Spectra}",  journal = {\apj}, keywords = {STARS: BINARIES: ECLIPSING, STARS: CIRCUMSTELLAR MATTER, LINE: FORMATION, RADIATIVE TRANSFER, STARS: INDIVIDUAL CONSTELLATION NAME: ZETA AURIGAE, STARS: MASS LOSS, ULTRAVIOLET: STARS},     year = 1996,    month = aug,   volume = 466,    pages = {979},      doi = {10.1086/177569},   adsurl = {http://adsabs.harvard.edu/abs/1996ApJ...466..979B},  adsnote = {Provided by the SAO/NASA Astrophysics Data System}}@ARTICLE{eaton_2008,   author = {{Eaton}, J.~A.},    title = "{A Model for the Chromosphere/Wind of 31 Cygni and Its Implications for Single Stars}",  journal = {\aj},archivePrefix = "arXiv",   eprint = {0803.0506}, keywords = {stars: chromospheres, stars: winds, outflows},     year = 2008,    month = nov,   volume = 136,    pages = {1964-1979},      doi = {10.1088/0004-6256/136/5/1964},   adsurl = {http://adsabs.harvard.edu/abs/2008AJ....136.1964E},  adsnote = {Provided by the SAO/NASA Astrophysics Data System}}@ARTICLE{crowley_2008,   author = {{Crowley}, C. and {Espey}, B.~R. and {McCandliss}, S.~R.},    title = "{EG And: Far Ultraviolet Spectroscopic Explorer and Hubble Space Telescope STIS Monitoring of an Eclipsing Symbiotic Binary}",  journal = {\apj}, keywords = {Stars: Binaries: Symbiotic, Line: Identification, Stars: Chromospheres, stars: individual (EG And), Stars: Mass Loss, Ultraviolet: Stars},     year = 2008,    month = mar,   volume = 675,    pages = {711-722},      doi = {10.1086/524127},   adsurl = {http://adsabs.harvard.edu/abs/2008ApJ...675..711C},  adsnote = {Provided by the SAO/NASA Astrophysics Data System}}@ARTICLE{chapman_1981,   author = {{Chapman}, R.~D.},    title = "{The 1979-1980 eclipse of Zeta Aurigae. I - The circumstellar envelope}",  journal = {\apj}, keywords = {ECLIPSING BINARY STARS, K STARS, RESONANCE LINES, STELLAR ENVELOPES, STELLAR MASS ACCRETION, STELLAR SPECTRA, EARLY STARS, LATE STARS, STELLAR MODELS, STELLAR WINDS, SUPERGIANT STARS},     year = 1981,    month = sep,   volume = 248,    pages = {1043-1052},      doi = {10.1086/159233},   adsurl = {http://adsabs.harvard.edu/abs/1981ApJ...248.1043C},  adsnote = {Provided by the SAO/NASA Astrophysics Data System}}@ARTICLE{harper_2005,   author = {{Harper}, G.~M. and {Brown}, A. and {Bennett}, P.~D. and {Baade}, R. and 	{Walder}, R. and {Hummel}, C.~A.},    title = "{VLA Observations of {$\zeta$} Aurigae: Confirmation of the Slow Acceleration Wind Density Structure}",  journal = {\aj}, keywords = {Stars: Binaries: Eclipsing, Radio Continuum: General, Stars: Individual: Constellation Name: {$\zeta$} Aurigae, Stars: Mass Loss, Stars: Supergiants, Techniques: Interferometric},     year = 2005,    month = feb,   volume = 129,    pages = {1018-1034},      doi = {10.1086/426908},   adsurl = {http://adsabs.harvard.edu/abs/2005AJ....129.1018H},  adsnote = {Provided by the SAO/NASA Astrophysics Data System}}@ARTICLE{carpenter_1999,   author = {{Carpenter}, K.~G. and {Robinson}, R.~D. and {Harper}, G.~M. and 	{Bennett}, P.~D. and {Brown}, A. and {Mullan}, D.~J.},    title = "{GHRS Observations of Cool, Low-Gravity Stars. V. The Outer Atmosphere and Wind of the Nearby K Supergiant lambda Velorum}",  journal = {\apj}, keywords = {STARS: ATMOSPHERES, STARS: CHROMOSPHERES, STARS: INDIVIDUAL (LAMBDA VELORUM), STARS: LATE-TYPE, STARS: MASS LOSS, STARS: SUPERGIANTS},     year = 1999,    month = aug,   volume = 521,    pages = {382-406},      doi = {10.1086/307520},   adsurl = {http://adsabs.harvard.edu/abs/1999ApJ...521..382C},  adsnote = {Provided by the SAO/NASA Astrophysics Data System}}@ARTICLE{sennhauser_2011,   author = {{Sennhauser}, C. and {Berdyugina}, S.~V.},    title = "{First detection of a weak magnetic field on the giant Arcturus: remnants of a solar dynamo?}",  journal = {\aap}, keywords = {stars: individual: Arcturus, stars: magnetic field, stars: late-type},     year = 2011,    month = may,   volume = 529,      eid = {A100},    pages = {A100},      doi = {10.1051/0004-6361/201015445},   adsurl = {http://adsabs.harvard.edu/abs/2011A%26A...529A.100S},  adsnote = {Provided by the SAO/NASA Astrophysics Data System}}@ARTICLE{brown_2008,   author = {{Brown}, K.~I.~T. and {Gray}, D.~F. and {Baliunas}, S.~L.},    title = "{Long-Term Spectroscopic Monitoring of Arcturus}",  journal = {\apj}, keywords = {Stars: Activity, Stars: Atmospheres, Stars: Late-Type, Stars: Magnetic Fields, Techniques: Spectroscopic},     year = 2008,    month = jun,   volume = 679,    pages = {1531-1540},      doi = {10.1086/587783},   adsurl = {http://adsabs.harvard.edu/abs/2008ApJ...679.1531B},  adsnote = {Provided by the SAO/NASA Astrophysics Data System}}@ARTICLE{dupree_2005,   author = {{Dupree}, A.~K. and {Lobel}, A. and {Young}, P.~R. and {Ake}, T.~B. and 	{Linsky}, J.~L. and {Redfield}, S.},    title = "{A Far-Ultraviolet Spectroscopic Survey of Luminous Cool Stars}",  journal = {\apj},   eprint = {arXiv:astro-ph/0412539}, keywords = {Stars: Chromospheres, Stars: Winds, Outflows, Ultraviolet: Stars},     year = 2005,    month = mar,   volume = 622,    pages = {629-652},      doi = {10.1086/428111},   adsurl = {http://adsabs.harvard.edu/abs/2005ApJ...622..629D},  adsnote = {Provided by the SAO/NASA Astrophysics Data System}}@ARTICLE{eggen_1971,   author = {{Eggen}, O.~J.},    title = "{The Arcturus Group}",  journal = {\pasp},     year = 1971,    month = jun,   volume = 83,    pages = {271},      doi = {10.1086/129120},   adsurl = {http://adsabs.harvard.edu/abs/1971PASP...83..271E},  adsnote = {Provided by the SAO/NASA Astrophysics Data System}}@ARTICLE{eggen_1996,   author = {{Eggen}, O.~J.},    title = "{Star Streams and Galactic Structure}",  journal = {\aj}, keywords = {GALAXY STRUCTURE, GALAXY: KINEMATICS AND DYNAMICS},     year = 1996,    month = oct,   volume = 112,    pages = {1595},      doi = {10.1086/118126},   adsurl = {http://adsabs.harvard.edu/abs/1996AJ....112.1595E},  adsnote = {Provided by the SAO/NASA Astrophysics Data System}}@ARTICLE{navarro_2004,   author = {{Navarro}, J.~F. and {Helmi}, A. and {Freeman}, K.~C.},    title = "{The Extragalactic Origin of the Arcturus Group}",  journal = {\apjl},   eprint = {arXiv:astro-ph/0311107}, keywords = {Galaxy: Disk, Galaxy: Formation, Galaxy: Structure},     year = 2004,    month = jan,   volume = 601,    pages = {L43-L46},      doi = {10.1086/381751},   adsurl = {http://adsabs.harvard.edu/abs/2004ApJ...601L..43N},  adsnote = {Provided by the SAO/NASA Astrophysics Data System}}@INPROCEEDINGS{williams_2009,   author = {{Williams}, M.~E.~K. and {Freeman}, K.~C. and {Helmi}, A. and 	{RAVE Collaboration}},    title = "{The Arcturus Moving Group: Its Place in the Galaxy}", keywords = {Galaxy: abundances, galaxy: kinematics and dynamics, galaxy: structure},booktitle = {IAU Symposium},     year = 2009,   series = {IAU Symposium},   volume = 254,archivePrefix = "arXiv",   eprint = {0810.2669},   editor = {{Andersen}, J. and {Nordstr{\"o}ara} and {m}, B. and {Bland-Hawthorn}, J.	},    month = mar,    pages = {139-144},      doi = {10.1017/S1743921308027518},   adsurl = {http://adsabs.harvard.edu/abs/2009IAUS..254..139W},  adsnote = {Provided by the SAO/NASA Astrophysics Data System}}@ARTICLE{griffin_1996,   author = {{Griffin}, R.~E.~M.},    title = "{Arcturus and human evolution}",  journal = {The Observatory},     year = 1996,    month = dec,   volume = 116,    pages = {404-405},   adsurl = {http://adsabs.harvard.edu/abs/1996Obs...116..404G},  adsnote = {Provided by the SAO/NASA Astrophysics Data System}}@ARTICLE{ramirez_2011,   author = {{Ram{\'{\i}}rez}, I. and {Allende Prieto}, C.},    title = "{Fundamental Parameters and Chemical Composition of Arcturus}",  journal = {\apj},archivePrefix = "arXiv",   eprint = {1109.4425}, primaryClass = "astro-ph.SR", keywords = {stars: abundances, stars: fundamental parameters, stars: individual: Arcturus},     year = 2011,    month = dec,   volume = 743,      eid = {135},    pages = {135},      doi = {10.1088/0004-637X/743/2/135},   adsurl = {http://adsabs.harvard.edu/abs/2011ApJ...743..135R},  adsnote = {Provided by the SAO/NASA Astrophysics Data System}}@ARTICLE{perryman_1997,   author = {{Perryman}, M.~A.~C. and {Lindegren}, L. and {Kovalevsky}, J. and 	{Hoeg}, E. and {Bastian}, U. and {Bernacca}, P.~L. and {Cr{\'e}z{\'e}}, M. and 	{Donati}, F. and {Grenon}, M. and {Grewing}, M. and {van Leeuwen}, F. and 	{van der Marel}, H. and {Mignard}, F. and {Murray}, C.~A. and 	{Le Poole}, R.~S. and {Schrijver}, H. and {Turon}, C. and {Arenou}, F. and 	{Froeschl{\'e}}, M. and {Petersen}, C.~S.},    title = "{The HIPPARCOS Catalogue}",  journal = {\aap},     year = 1997,    month = jul,   volume = 323,    pages = {L49-L52},   adsurl = {http://adsabs.harvard.edu/abs/1997A%26A...323L..49P},  adsnote = {Provided by the SAO/NASA Astrophysics Data System}}@ARTICLE{lacour_2008,   author = {{Lacour}, S. and {Meimon}, S. and {Thi{\'e}baut}, E. and {Perrin}, G. and 	{Verhoelst}, T. and {Pedretti}, E. and {Schuller}, P.~A. and 	{Mugnier}, L. and {Monnier}, J. and {Berger}, J.~P. and {Haubois}, X. and 	{Poncelet}, A. and {Le Besnerais}, G. and {Eriksson}, K. and 	{Millan-Gabet}, R. and {Ragland}, S. and {Lacasse}, M. and {Traub}, W.	},    title = "{The limb-darkened Arcturus: imaging with the IOTA/IONIC interferometer}",  journal = {\aap},archivePrefix = "arXiv",   eprint = {0804.0192}, keywords = {techniques: interferometric, stars: fundamental parameters, infrared: stars, stars: individual: Arcturus},     year = 2008,    month = jul,   volume = 485,    pages = {561-570},      doi = {10.1051/0004-6361:200809611},   adsurl = {http://adsabs.harvard.edu/abs/2008A%26A...485..561L},  adsnote = {Provided by the SAO/NASA Astrophysics Data System}}@ARTICLE{turner_1999,   author = {{Turner}, N.~H. and {ten Brummelaar}, T.~A. and {Mason}, B.~D.	},    title = "{Adaptive Optics Observations of Arcturus using the Mount Wilson 100 Inch Telescope}",  journal = {\pasp}, keywords = {STARS: INDIVIDUAL (ARCTURUS, ALBIREO), INSTRUMENTATION: ADAPTIVE OPTICS},     year = 1999,    month = may,   volume = 111,    pages = {556-558},      doi = {10.1086/316353},   adsurl = {http://adsabs.harvard.edu/abs/1999PASP..111..556T},  adsnote = {Provided by the SAO/NASA Astrophysics Data System}}@ARTICLE{Soderhjelm_1998O,   author = {{Soderhjelm}, S. and {Mignard}, F.},    title = "{Arcturus as a double star}",  journal = {The Observatory},     year = 1998,    month = dec,   volume = 118,    pages = {365-366},   adsurl = {http://adsabs.harvard.edu/abs/1998Obs...118..365S},  adsnote = {Provided by the SAO/NASA Astrophysics Data System}}@ARTICLE{hatzes_1993,   author = {{Hatzes}, A.~P. and {Cochran}, W.~D.},    title = "{Long-period radial velocity variations in three K giants}",  journal = {\apj}, keywords = {GIANT STARS, K STARS, RADIAL VELOCITY, STELLAR MOTIONS, VELOCITY MEASUREMENT, LONG TERM EFFECTS, STELLAR OSCILLATIONS, STELLAR SPECTRA},     year = 1993,    month = aug,   volume = 413,    pages = {339-348},      doi = {10.1086/173002},   adsurl = {http://adsabs.harvard.edu/abs/1993ApJ...413..339H},  adsnote = {Provided by the SAO/NASA Astrophysics Data System}}@ARTICLE{brown_2007,   author = {{Brown}, K.~I.~T.},    title = "{Long-Term Spectroscopic and Precise Radial Velocity Monitoring of Arcturus}",  journal = {\pasp}, keywords = {dissertation summaries},     year = 2007,    month = feb,   volume = 119,    pages = {237-237},      doi = {10.1086/512731},   adsurl = {http://adsabs.harvard.edu/abs/2007PASP..119..237B},  adsnote = {Provided by the SAO/NASA Astrophysics Data System}}@ARTICLE{dziembowski_2001,   author = {{Dziembowski}, W.~A. and {Gough}, D.~O. and {Houdek}, G. and 	{Sienkiewicz}, R.},    title = "{Oscillations of {$\alpha$} UMa and other red giants}",  journal = {\mnras},   eprint = {arXiv:astro-ph/0108337}, keywords = {CONVECTION, STARS: INDIVIDUAL: {$\alpha$}UMA, STARS: OSCILLATIONS},     year = 2001,    month = dec,   volume = 328,    pages = {601-610},      doi = {10.1046/j.1365-8711.2001.04894.x},   adsurl = {http://adsabs.harvard.edu/abs/2001MNRAS.328..601D},  adsnote = {Provided by the SAO/NASA Astrophysics Data System}}@ARTICLE{retter_2003,   author = {{Retter}, A. and {Bedding}, T.~R. and {Buzasi}, D.~L. and {Kjeldsen}, H. and 	{Kiss}, L.~L.},    title = "{Oscillations in Arcturus from WIRE Photometry}",  journal = {\apjl},   eprint = {arXiv:astro-ph/0308424}, keywords = {Stars: Individual: Constellation Name: {$\alpha$} Bootis, Stars: Oscillations},     year = 2003,    month = jul,   volume = 591,    pages = {L151-L154},      doi = {10.1086/377211},   adsurl = {http://adsabs.harvard.edu/abs/2003ApJ...591L.151R},  adsnote = {Provided by the SAO/NASA Astrophysics Data System}}@INPROCEEDINGS{merline_1999,   author = {{Merline}, W.~J.},    title = "{Precise Velocity Observation of K-Giants: Evidence for Solar-Like Oscillations in Arcturus}",booktitle = {IAU Colloq. 170: Precise Stellar Radial Velocities},     year = 1999,   series = {Astronomical Society of the Pacific Conference Series},   volume = 185,   editor = {{Hearnshaw}, J.~B. and {Scarfe}, C.~D.},    pages = {187},   adsurl = {http://adsabs.harvard.edu/abs/1999ASPC..185..187M},  adsnote = {Provided by the SAO/NASA Astrophysics Data System}}@ARTICLE{mcmurry_1999,   author = {{McMurry}, A.~D.},    title = "{The outer atmosphere of Tau - I. A new chromospheric model}",  journal = {\mnras},     year = 1999,    month = jan,   volume = 302,    pages = {37-47},      doi = {10.1046/j.1365-8711.1999.02076.x},   adsurl = {http://adsabs.harvard.edu/abs/1999MNRAS.302...37M},  adsnote = {Provided by the SAO/NASA Astrophysics Data System}}@ARTICLE{robinson_1998,   author = {{Robinson}, R.~D. and {Carpenter}, K.~G. and {Brown}, A.},    title = "{Goddard High-Resolution Spectrograph Observations of Cool Low-Gravity Stars. IV. A Comparison of the K5 III Stars alpha Tauri and gamma Draconis}",  journal = {\apj}, keywords = {STARS: CHROMOSPHERES, STARS: INDIVIDUAL CONSTELLATION NAME: ALPHA TAURI, STARS: INDIVIDUAL CONSTELLATION NAME: GAMMA DRACONIS, STARS: LATE-TYPE, STARS: MASS LOSS, ULTRAVIOLET: STARS},     year = 1998,    month = aug,   volume = 503,    pages = {396},      doi = {10.1086/305971},   adsurl = {http://adsabs.harvard.edu/abs/1998ApJ...503..396R},  adsnote = {Provided by the SAO/NASA Astrophysics Data System}}@ARTICLE{ayres_1975,   author = {{Ayres}, T.~R. and {Linsky}, J.~L.},    title = "{Stellar model chromospheres. III - Arcturus /K2 III/}",  journal = {\apj}, keywords = {ASTRONOMICAL MODELS, ATMOSPHERIC MODELS, CHROMOSPHERE, PHOTOSPHERE, STELLAR ATMOSPHERES, LINE SPECTRA, METAL IONS, RADIATIVE TRANSFER, STELLAR SPECTRA},     year = 1975,    month = sep,   volume = 200,    pages = {660-674},      doi = {10.1086/153835},   adsurl = {http://adsabs.harvard.edu/abs/1975ApJ...200..660A},  adsnote = {Provided by the SAO/NASA Astrophysics Data System}}@ARTICLE{linsky_1979,   author = {{Linsky}, J.~L. and {Haisch}, B.~M.},    title = "{Outer atmospheres of cool stars. I - The sharp division into solar-type and non-solar-type stars}",  journal = {\apjl}, keywords = {CHROMOSPHERE, COOL STARS, LATE STARS, STELLAR ATMOSPHERES, STELLAR CORONAS, ULTRAVIOLET SPECTRA, BOUNDARY VALUE PROBLEMS, EMISSION SPECTRA, INTERSTELLAR MATTER, STELLAR WINDS, SUBSONIC SPEED, SUPERSONIC SPEED},     year = 1979,    month = apr,   volume = 229,    pages = {L27-L32},      doi = {10.1086/182924},   adsurl = {http://adsabs.harvard.edu/abs/1979ApJ...229L..27L},  adsnote = {Provided by the SAO/NASA Astrophysics Data System}}@ARTICLE{ayres_2003,   author = {{Ayres}, T.~R. and {Brown}, A. and {Harper}, G.~M.},    title = "{Buried Alive in the Coronal Graveyard}",  journal = {\apj}, keywords = {Stars: Coronae, stars: individual (Aldebaran, Arcturus), Ultraviolet: Stars, X-Rays: Stars},     year = 2003,    month = nov,   volume = 598,    pages = {610-625},      doi = {10.1086/378699},   adsurl = {http://adsabs.harvard.edu/abs/2003ApJ...598..610A},  adsnote = {Provided by the SAO/NASA Astrophysics Data System}}@ARTICLE{sennhauser_2011,   author = {{Sennhauser}, C. and {Berdyugina}, S.~V.},    title = "{First detection of a weak magnetic field on the giant Arcturus: remnants of a solar dynamo?}",  journal = {\aap}, keywords = {stars: individual: Arcturus, stars: magnetic field, stars: late-type},     year = 2011,    month = may,   volume = 529,      eid = {A100},    pages = {A100},      doi = {10.1051/0004-6361/201015445},   adsurl = {http://adsabs.harvard.edu/abs/2011A%26A...529A.100S},  adsnote = {Provided by the SAO/NASA Astrophysics Data System}}@ARTICLE{brown_2008,   author = {{Brown}, K.~I.~T. and {Gray}, D.~F. and {Baliunas}, S.~L.},    title = "{Long-Term Spectroscopic Monitoring of Arcturus}",  journal = {\apj}, keywords = {Stars: Activity, Stars: Atmospheres, Stars: Late-Type, Stars: Magnetic Fields, Techniques: Spectroscopic},     year = 2008,    month = jun,   volume = 679,    pages = {1531-1540},      doi = {10.1086/587783},   adsurl = {http://adsabs.harvard.edu/abs/2008ApJ...679.1531B},  adsnote = {Provided by the SAO/NASA Astrophysics Data System}}@ARTICLE{gray_2006,   author = {{Gray}, D.~F. and {Brown}, K.~I.~T.},    title = "{The Rotation of Arcturus and Active Longitudes on Giant Stars}",  journal = {\pasp}, keywords = {Line: Profiles, Stars: Activity, Stars: Late-Type, Stars: Rotation, Stars: Spots},     year = 2006,    month = aug,   volume = 118,    pages = {1112-1118},      doi = {10.1086/507077},   adsurl = {http://adsabs.harvard.edu/abs/2006PASP..118.1112G},  adsnote = {Provided by the SAO/NASA Astrophysics Data System}}@ARTICLE{hatzes_1993,   author = {{Hatzes}, A.~P. and {Cochran}, W.~D.},    title = "{Long-period radial velocity variations in three K giants}",  journal = {\apj}, keywords = {GIANT STARS, K STARS, RADIAL VELOCITY, STELLAR MOTIONS, VELOCITY MEASUREMENT, LONG TERM EFFECTS, STELLAR OSCILLATIONS, STELLAR SPECTRA},     year = 1993,    month = aug,   volume = 413,    pages = {339-348},      doi = {10.1086/173002},   adsurl = {http://adsabs.harvard.edu/abs/1993ApJ...413..339H},  adsnote = {Provided by the SAO/NASA Astrophysics Data System}}@ARTICLE{richichi_2005,   author = {{Richichi}, A. and {Roccatagliata}, V.},    title = "{Aldebaran's angular diameter: How well do we know it?}",  journal = {\aap},   eprint = {arXiv:astro-ph/0502181}, keywords = {occultations, techniques: high angular resolution, techniques: interferometric, stars: fundamental parameters, stars: individual: {$\alpha$} Tau, stars: individual: Aldebaran},     year = 2005,    month = apr,   volume = 433,    pages = {305-312},      doi = {10.1051/0004-6361:20041765},   adsurl = {http://adsabs.harvard.edu/abs/2005A%26A...433..305R},  adsnote = {Provided by the SAO/NASA Astrophysics Data System}}@ARTICLE{tsuji_2008,   author = {{Tsuji}, T.},    title = "{Cool luminous stars: the hybrid nature of their infrared spectra}",  journal = {\aap},archivePrefix = "arXiv",   eprint = {0807.4387}, keywords = {stars: abundances, stars: atmospheres, stars: mass-loss, stars: late-type, line: formation, infrared: stars},     year = 2008,    month = oct,   volume = 489,    pages = {1271-1289},      doi = {10.1051/0004-6361:200809869},   adsurl = {http://adsabs.harvard.edu/abs/2008A%26A...489.1271T},  adsnote = {Provided by the SAO/NASA Astrophysics Data System}}@ARTICLE{hatzes_1998,   author = {{Hatzes}, A.~P. and {Cochran}, W.~D.},    title = "{On the nature of the radial velocity variability of Aldebaran - A search for spectral line bisector variations}",  journal = {\mnras},   eprint = {arXiv:astro-ph/9712312}, keywords = {RADIAL VELOCITY, LATE STARS, K STARS, SUBGIANT STARS, VARIABLE STARS, STELLAR SPECTRA, LINE SPECTRA, VARIABILITY, COMPANION STARS, EXTRASOLAR PLANETS},     year = 1998,    month = feb,   volume = 293,    pages = {469},      doi = {10.1046/j.1365-8711.1998.01186.x},   adsurl = {http://adsabs.harvard.edu/abs/1998MNRAS.293..469H},  adsnote = {Provided by the SAO/NASA Astrophysics Data System}}@ARTICLE{kelch_1978,   author = {{Kelch}, W.~L. and {Chang}, S.-H. and {Furenlid}, I. and {Linsky}, J.~L. and 	{Basri}, G.~S. and {Chiu}, H.-Y. and {Maran}, S.~P.},    title = "{Stellar model chromospheres. VII - Capella /G5 III +/, Pollux /K0 III/, and Aldebaran /K5 III/}",  journal = {\apj}, keywords = {ASTRONOMICAL MODELS, CHROMOSPHERE, G STARS, K STARS, LATE STARS, STELLAR ATMOSPHERES, STELLAR ENVELOPES, STELLAR SPECTRA, BALLOON-BORNE INSTRUMENTS, BINARY STARS, EMISSION SPECTRA, LINE SPECTRA, STELLAR TEMPERATURE, ULTRAVIOLET SPECTROSCOPY},     year = 1978,    month = mar,   volume = 220,    pages = {962-979},      doi = {10.1086/155985},   adsurl = {http://adsabs.harvard.edu/abs/1978ApJ...220..962K},  adsnote = {Provided by the SAO/NASA Astrophysics Data System}}@INPROCEEDINGS{carpenter_1996,   author = {{Carpenter}, K.~G. and {Robinson}, R.~D.},    title = "{HST Studies of Carbon and K-M Giant/Supergiant Stars}",booktitle = {Science with the Hubble Space Telescope - II},     year = 1996,   editor = {{Benvenuti}, P. and {Macchetto}, F.~D. and {Schreier}, E.~J.	},    pages = {418},   adsurl = {http://adsabs.harvard.edu/abs/1996swhs.conf..418C},  adsnote = {Provided by the SAO/NASA Astrophysics Data System}}